@inproceedings{Huang:2008:MEL:1452520.1455517,
 author = {Huang, Cheng and Wang, Angela and Li, Jin and Ross, Keith W.},
 title = {Measuring and Evaluating Large-scale CDNs Paper Withdrawn at Mirosoft's Request},
 booktitle = {Proceedings of the 8th ACM SIGCOMM Conference on Internet Measurement},
 series = {IMC '08},
 year = {2008},
 isbn = {978-1-60558-334-1},
 location = {Vouliagmeni, Greece},
 pages = {15--29},
 numpages = {15},
 url = {http://dl.acm.org/citation.cfm?id=1452520.1455517},
 acmid = {1455517},
 publisher = {ACM},
 address = {New York, NY, USA},
}

@misc{universities,
title = {Universities Worldwide. \url{http://univ.cc/}.},
url = {http://univ.cc/}
}

@misc{qgis,
title = {QGIS: A Free and Open Source Geographic Information System. \url{http://www.qgis.org/}.},
url = {http://www.qgis.org/}
}




